<marcxml:record xmlns:marcxml="http://www.loc.gov/MARC21/slim" xmlns:mets="http://www.loc.gov/METS/" xmlns:bf="http://id.loc.gov/ontologies/bibframe/" xmlns:bflc="http://id.loc.gov/ontologies/bflc/" xmlns:madsrdf="http://www.loc.gov/mads/rdf/v1#" xmlns:rdf="http://www.w3.org/1999/02/22-rdf-syntax-ns#" xmlns:ri="http://id.loc.gov/ontologies/RecordInfo#" xmlns:idx="info:lc/xq-modules/lcindex" xmlns:semtriples="http://marklogic.com/semantic" xmlns:xsi="http://www.w3.org/2001/XMLSchema-instance" xmlns:xlink="http://www.w3.org/1999/xlink" xmlns:streams="info:lc/streams#">
  <marcxml:leader>03448cam a2200817 i 4500</marcxml:leader>
  <marcxml:controlfield tag="001">19612705</marcxml:controlfield>
  <marcxml:controlfield tag="005">20180703151016.0</marcxml:controlfield>
  <marcxml:controlfield tag="008">170426s2018    nyua   d 6    000 1 eng d</marcxml:controlfield>
  <marcxml:datafield tag="906" ind1=" " ind2=" ">
    <marcxml:subfield code="a">7</marcxml:subfield>
    <marcxml:subfield code="b">cbc</marcxml:subfield>
    <marcxml:subfield code="c">copycat</marcxml:subfield>
    <marcxml:subfield code="d">2</marcxml:subfield>
    <marcxml:subfield code="e">epcn</marcxml:subfield>
    <marcxml:subfield code="f">20</marcxml:subfield>
    <marcxml:subfield code="g">y-gencatlg</marcxml:subfield>
  </marcxml:datafield>
  <marcxml:datafield tag="925" ind1="0" ind2=" ">
    <marcxml:subfield code="a">acquire</marcxml:subfield>
    <marcxml:subfield code="b">1 shelf copy</marcxml:subfield>
    <marcxml:subfield code="x">policy default</marcxml:subfield>
  </marcxml:datafield>
  <marcxml:datafield tag="955" ind1=" " ind2=" ">
    <marcxml:subfield code="b">xk18 2018-04-17 z-processor</marcxml:subfield>
    <marcxml:subfield code="i">xk14 2018-05-08 to CALM</marcxml:subfield>
    <marcxml:subfield code="a">xk02 2018-07-03, additional copy sent to discard</marcxml:subfield>
  </marcxml:datafield>
  <marcxml:datafield tag="955" ind1=" " ind2=" ">
    <marcxml:subfield code="a">pc27 2017-04-26</marcxml:subfield>
  </marcxml:datafield>
  <marcxml:datafield tag="010" ind1=" " ind2=" ">
    <marcxml:subfield code="a">  2017941173</marcxml:subfield>
  </marcxml:datafield>
  <marcxml:datafield tag="020" ind1=" " ind2=" ">
    <marcxml:subfield code="a">9781250159854</marcxml:subfield>
    <marcxml:subfield code="q">(hardcover)</marcxml:subfield>
  </marcxml:datafield>
  <marcxml:datafield tag="020" ind1=" " ind2=" ">
    <marcxml:subfield code="a">1250159857</marcxml:subfield>
    <marcxml:subfield code="q">(hardcover)</marcxml:subfield>
  </marcxml:datafield>
  <marcxml:datafield tag="020" ind1=" " ind2=" ">
    <marcxml:subfield code="a">9781626723634</marcxml:subfield>
    <marcxml:subfield code="q">(paperback)</marcxml:subfield>
  </marcxml:datafield>
  <marcxml:datafield tag="020" ind1=" " ind2=" ">
    <marcxml:subfield code="a">162672363X</marcxml:subfield>
    <marcxml:subfield code="q">(paperback)</marcxml:subfield>
  </marcxml:datafield>
  <marcxml:datafield tag="035" ind1=" " ind2=" ">
    <marcxml:subfield code="a">(OCoLC)ocn974472233</marcxml:subfield>
  </marcxml:datafield>
  <marcxml:datafield tag="040" ind1=" " ind2=" ">
    <marcxml:subfield code="a">YDX</marcxml:subfield>
    <marcxml:subfield code="b">eng</marcxml:subfield>
    <marcxml:subfield code="c">YDX</marcxml:subfield>
    <marcxml:subfield code="e">rda</marcxml:subfield>
    <marcxml:subfield code="d">BDX</marcxml:subfield>
    <marcxml:subfield code="d">BTCTA</marcxml:subfield>
    <marcxml:subfield code="d">CHILD</marcxml:subfield>
    <marcxml:subfield code="d">LPU</marcxml:subfield>
    <marcxml:subfield code="d">OCLCO</marcxml:subfield>
    <marcxml:subfield code="d">OCLCF</marcxml:subfield>
    <marcxml:subfield code="d">UAP</marcxml:subfield>
    <marcxml:subfield code="d">HQD</marcxml:subfield>
    <marcxml:subfield code="d">LNC</marcxml:subfield>
    <marcxml:subfield code="d">NTG</marcxml:subfield>
    <marcxml:subfield code="d">IUK</marcxml:subfield>
    <marcxml:subfield code="d">IJ5</marcxml:subfield>
    <marcxml:subfield code="d">IEP</marcxml:subfield>
    <marcxml:subfield code="d">UAB</marcxml:subfield>
    <marcxml:subfield code="d">VP@</marcxml:subfield>
    <marcxml:subfield code="d">OSU</marcxml:subfield>
    <marcxml:subfield code="d">IGA</marcxml:subfield>
    <marcxml:subfield code="d">XFF</marcxml:subfield>
    <marcxml:subfield code="d">QS5</marcxml:subfield>
    <marcxml:subfield code="d">OCL</marcxml:subfield>
    <marcxml:subfield code="d">EYP</marcxml:subfield>
    <marcxml:subfield code="d">DF$</marcxml:subfield>
    <marcxml:subfield code="d">TX5</marcxml:subfield>
    <marcxml:subfield code="d">OCLCQ</marcxml:subfield>
    <marcxml:subfield code="d">OCLCO</marcxml:subfield>
    <marcxml:subfield code="d">EYM</marcxml:subfield>
    <marcxml:subfield code="d">DLC</marcxml:subfield>
  </marcxml:datafield>
  <marcxml:datafield tag="042" ind1=" " ind2=" ">
    <marcxml:subfield code="a">lccopycat</marcxml:subfield>
  </marcxml:datafield>
  <marcxml:datafield tag="050" ind1="0" ind2="0">
    <marcxml:subfield code="a">PZ7.7.W366</marcxml:subfield>
    <marcxml:subfield code="b">Pr 2018</marcxml:subfield>
  </marcxml:datafield>
  <marcxml:datafield tag="082" ind1="0" ind2="4">
    <marcxml:subfield code="a">741.5/973</marcxml:subfield>
    <marcxml:subfield code="2">23</marcxml:subfield>
  </marcxml:datafield>
  <marcxml:datafield tag="100" ind1="1" ind2=" ">
    <marcxml:subfield code="a">Wang, Jen,</marcxml:subfield>
    <marcxml:subfield code="d">1984-</marcxml:subfield>
    <marcxml:subfield code="e">author,</marcxml:subfield>
    <marcxml:subfield code="e">artist.</marcxml:subfield>
  </marcxml:datafield>
  <marcxml:datafield tag="245" ind1="1" ind2="4">
    <marcxml:subfield code="a">The prince and the dressmaker /</marcxml:subfield>
    <marcxml:subfield code="c">Jen Wang.</marcxml:subfield>
  </marcxml:datafield>
  <marcxml:datafield tag="250" ind1=" " ind2=" ">
    <marcxml:subfield code="a">First edition.</marcxml:subfield>
  </marcxml:datafield>
  <marcxml:datafield tag="264" ind1=" " ind2="1">
    <marcxml:subfield code="a">New York :</marcxml:subfield>
    <marcxml:subfield code="b">First Second, an imprint of Roaring Brook Press,</marcxml:subfield>
    <marcxml:subfield code="c">2018.</marcxml:subfield>
  </marcxml:datafield>
  <marcxml:datafield tag="300" ind1=" " ind2=" ">
    <marcxml:subfield code="a">276 pages :</marcxml:subfield>
    <marcxml:subfield code="b">chiefly color illustrations ;</marcxml:subfield>
    <marcxml:subfield code="c">23 cm</marcxml:subfield>
  </marcxml:datafield>
  <marcxml:datafield tag="336" ind1=" " ind2=" ">
    <marcxml:subfield code="a">text</marcxml:subfield>
    <marcxml:subfield code="b">txt</marcxml:subfield>
    <marcxml:subfield code="2">rdacontent</marcxml:subfield>
  </marcxml:datafield>
  <marcxml:datafield tag="336" ind1=" " ind2=" ">
    <marcxml:subfield code="a">still image</marcxml:subfield>
    <marcxml:subfield code="b">sti</marcxml:subfield>
    <marcxml:subfield code="2">rdacontent</marcxml:subfield>
  </marcxml:datafield>
  <marcxml:datafield tag="337" ind1=" " ind2=" ">
    <marcxml:subfield code="a">unmediated</marcxml:subfield>
    <marcxml:subfield code="b">n</marcxml:subfield>
    <marcxml:subfield code="2">rdamedia</marcxml:subfield>
  </marcxml:datafield>
  <marcxml:datafield tag="338" ind1=" " ind2=" ">
    <marcxml:subfield code="a">volume</marcxml:subfield>
    <marcxml:subfield code="b">nc</marcxml:subfield>
    <marcxml:subfield code="2">rdacarrier</marcxml:subfield>
  </marcxml:datafield>
  <marcxml:datafield tag="385" ind1=" " ind2=" ">
    <marcxml:subfield code="a">Children</marcxml:subfield>
    <marcxml:subfield code="2">lcdgt</marcxml:subfield>
  </marcxml:datafield>
  <marcxml:datafield tag="520" ind1=" " ind2=" ">
    <marcxml:subfield code="a">Prince Sebastian hides form his parents his secret life of dressing up as the the hottest fashion icon in Paris, the fabulous Lady Crystallia, while his friend Frances the dressmaker strives to keep her friend's secret.</marcxml:subfield>
  </marcxml:datafield>
  <marcxml:datafield tag="655" ind1=" " ind2="0">
    <marcxml:subfield code="a">Graphic novels.</marcxml:subfield>
  </marcxml:datafield>
  <marcxml:datafield tag="650" ind1=" " ind2="1">
    <marcxml:subfield code="a">Graphic novels.</marcxml:subfield>
  </marcxml:datafield>
  <marcxml:datafield tag="650" ind1=" " ind2="1">
    <marcxml:subfield code="a">Cross-dressing</marcxml:subfield>
    <marcxml:subfield code="v">Fiction.</marcxml:subfield>
  </marcxml:datafield>
  <marcxml:datafield tag="650" ind1=" " ind2="1">
    <marcxml:subfield code="a">Princes</marcxml:subfield>
    <marcxml:subfield code="v">Fiction.</marcxml:subfield>
  </marcxml:datafield>
  <marcxml:datafield tag="650" ind1=" " ind2="1">
    <marcxml:subfield code="a">Secrets</marcxml:subfield>
    <marcxml:subfield code="v">Fiction.</marcxml:subfield>
  </marcxml:datafield>
  <marcxml:datafield tag="650" ind1=" " ind2="1">
    <marcxml:subfield code="a">Dressmakers</marcxml:subfield>
    <marcxml:subfield code="v">Fiction.</marcxml:subfield>
  </marcxml:datafield>
  <marcxml:datafield tag="650" ind1=" " ind2="1">
    <marcxml:subfield code="a">Friendship</marcxml:subfield>
    <marcxml:subfield code="v">Fiction.</marcxml:subfield>
  </marcxml:datafield>
  <marcxml:datafield tag="650" ind1=" " ind2="1">
    <marcxml:subfield code="a">Fashion</marcxml:subfield>
    <marcxml:subfield code="v">Fiction.</marcxml:subfield>
  </marcxml:datafield>
  <marcxml:datafield tag="651" ind1=" " ind2="1">
    <marcxml:subfield code="a">Paris (France)</marcxml:subfield>
    <marcxml:subfield code="v">Fiction.</marcxml:subfield>
  </marcxml:datafield>
  <marcxml:datafield tag="655" ind1=" " ind2="4">
    <marcxml:subfield code="a">Comic books, strips, etc.</marcxml:subfield>
  </marcxml:datafield>
  <marcxml:datafield tag="655" ind1=" " ind2="4">
    <marcxml:subfield code="a">Graphic novels.</marcxml:subfield>
  </marcxml:datafield>
  <marcxml:datafield tag="650" ind1=" " ind2="7">
    <marcxml:subfield code="a">YOUNG ADULT FICTION</marcxml:subfield>
    <marcxml:subfield code="x">Comics &amp; Graphic Novels</marcxml:subfield>
    <marcxml:subfield code="x">Historical.</marcxml:subfield>
    <marcxml:subfield code="2">bisacsh</marcxml:subfield>
  </marcxml:datafield>
  <marcxml:datafield tag="650" ind1=" " ind2="7">
    <marcxml:subfield code="a">YOUNG ADULT FICTION</marcxml:subfield>
    <marcxml:subfield code="x">Comics &amp; Graphic Novels</marcxml:subfield>
    <marcxml:subfield code="x">Romance.</marcxml:subfield>
    <marcxml:subfield code="2">bisacsh</marcxml:subfield>
  </marcxml:datafield>
  <marcxml:datafield tag="650" ind1=" " ind2="7">
    <marcxml:subfield code="a">Cross-dressing.</marcxml:subfield>
    <marcxml:subfield code="2">fast</marcxml:subfield>
    <marcxml:subfield code="0">(OCoLC)fst01155465</marcxml:subfield>
  </marcxml:datafield>
  <marcxml:datafield tag="650" ind1=" " ind2="7">
    <marcxml:subfield code="a">Dressmakers.</marcxml:subfield>
    <marcxml:subfield code="2">fast</marcxml:subfield>
    <marcxml:subfield code="0">(OCoLC)fst00897998</marcxml:subfield>
  </marcxml:datafield>
  <marcxml:datafield tag="650" ind1=" " ind2="7">
    <marcxml:subfield code="a">Dressmaking.</marcxml:subfield>
    <marcxml:subfield code="2">fast</marcxml:subfield>
    <marcxml:subfield code="0">(OCoLC)fst00898000</marcxml:subfield>
  </marcxml:datafield>
  <marcxml:datafield tag="650" ind1=" " ind2="7">
    <marcxml:subfield code="a">Fashion.</marcxml:subfield>
    <marcxml:subfield code="2">fast</marcxml:subfield>
    <marcxml:subfield code="0">(OCoLC)fst00921600</marcxml:subfield>
  </marcxml:datafield>
  <marcxml:datafield tag="650" ind1=" " ind2="7">
    <marcxml:subfield code="a">Friendship.</marcxml:subfield>
    <marcxml:subfield code="2">fast</marcxml:subfield>
    <marcxml:subfield code="0">(OCoLC)fst00935174</marcxml:subfield>
  </marcxml:datafield>
  <marcxml:datafield tag="650" ind1=" " ind2="7">
    <marcxml:subfield code="a">Individuality.</marcxml:subfield>
    <marcxml:subfield code="2">fast</marcxml:subfield>
    <marcxml:subfield code="0">(OCoLC)fst00970343</marcxml:subfield>
  </marcxml:datafield>
  <marcxml:datafield tag="650" ind1=" " ind2="7">
    <marcxml:subfield code="a">Princes.</marcxml:subfield>
    <marcxml:subfield code="2">fast</marcxml:subfield>
    <marcxml:subfield code="0">(OCoLC)fst01076481</marcxml:subfield>
  </marcxml:datafield>
  <marcxml:datafield tag="655" ind1=" " ind2="7">
    <marcxml:subfield code="a">Comic books, strips, etc.</marcxml:subfield>
    <marcxml:subfield code="2">fast</marcxml:subfield>
    <marcxml:subfield code="0">(OCoLC)fst01423722</marcxml:subfield>
  </marcxml:datafield>
  <marcxml:datafield tag="655" ind1=" " ind2="7">
    <marcxml:subfield code="a">Comics (Graphic works)</marcxml:subfield>
    <marcxml:subfield code="2">fast</marcxml:subfield>
    <marcxml:subfield code="0">(OCoLC)fst01921613</marcxml:subfield>
  </marcxml:datafield>
  <marcxml:datafield tag="655" ind1=" " ind2="7">
    <marcxml:subfield code="a">Coming-of-age comics.</marcxml:subfield>
    <marcxml:subfield code="2">fast</marcxml:subfield>
    <marcxml:subfield code="0">(OCoLC)fst01985352</marcxml:subfield>
  </marcxml:datafield>
  <marcxml:datafield tag="655" ind1=" " ind2="7">
    <marcxml:subfield code="a">Fairy tales.</marcxml:subfield>
    <marcxml:subfield code="2">fast</marcxml:subfield>
    <marcxml:subfield code="0">(OCoLC)fst01726605</marcxml:subfield>
  </marcxml:datafield>
  <marcxml:datafield tag="655" ind1=" " ind2="7">
    <marcxml:subfield code="a">Graphic novels.</marcxml:subfield>
    <marcxml:subfield code="2">fast</marcxml:subfield>
    <marcxml:subfield code="0">(OCoLC)fst01726630</marcxml:subfield>
  </marcxml:datafield>
  <marcxml:datafield tag="655" ind1=" " ind2="7">
    <marcxml:subfield code="a">Historical comics.</marcxml:subfield>
    <marcxml:subfield code="2">fast</marcxml:subfield>
    <marcxml:subfield code="0">(OCoLC)fst01921682</marcxml:subfield>
  </marcxml:datafield>
  <marcxml:datafield tag="655" ind1=" " ind2="7">
    <marcxml:subfield code="a">Romance comics.</marcxml:subfield>
    <marcxml:subfield code="2">fast</marcxml:subfield>
    <marcxml:subfield code="0">(OCoLC)fst01922531</marcxml:subfield>
  </marcxml:datafield>
  <marcxml:datafield tag="655" ind1=" " ind2="7">
    <marcxml:subfield code="a">Fairy tales.</marcxml:subfield>
    <marcxml:subfield code="2">lcgft</marcxml:subfield>
  </marcxml:datafield>
  <marcxml:datafield tag="655" ind1=" " ind2="7">
    <marcxml:subfield code="a">Coming-of-age comics.</marcxml:subfield>
    <marcxml:subfield code="2">lcgft</marcxml:subfield>
  </marcxml:datafield>
  <marcxml:datafield tag="655" ind1=" " ind2="7">
    <marcxml:subfield code="a">Historical comics.</marcxml:subfield>
    <marcxml:subfield code="2">lcgft</marcxml:subfield>
  </marcxml:datafield>
  <marcxml:datafield tag="655" ind1=" " ind2="7">
    <marcxml:subfield code="a">Romance comics.</marcxml:subfield>
    <marcxml:subfield code="2">lcgft</marcxml:subfield>
  </marcxml:datafield>
  <marcxml:datafield tag="655" ind1=" " ind2="7">
    <marcxml:subfield code="a">Graphic novels.</marcxml:subfield>
    <marcxml:subfield code="2">lcgft</marcxml:subfield>
  </marcxml:datafield>
  <marcxml:datafield tag="655" ind1=" " ind2="7">
    <marcxml:subfield code="a">Comics (Graphic works)</marcxml:subfield>
    <marcxml:subfield code="2">lcgft</marcxml:subfield>
  </marcxml:datafield>
  <marcxml:datafield tag="650" ind1=" " ind2="7">
    <marcxml:subfield code="a">Princes</marcxml:subfield>
    <marcxml:subfield code="v">Fiction.</marcxml:subfield>
    <marcxml:subfield code="2">sears</marcxml:subfield>
  </marcxml:datafield>
  <marcxml:datafield tag="650" ind1=" " ind2="7">
    <marcxml:subfield code="a">Dressmakers</marcxml:subfield>
    <marcxml:subfield code="v">Fiction.</marcxml:subfield>
    <marcxml:subfield code="2">sears</marcxml:subfield>
  </marcxml:datafield>
  <marcxml:datafield tag="650" ind1=" " ind2="7">
    <marcxml:subfield code="a">Transvestites</marcxml:subfield>
    <marcxml:subfield code="v">Fiction.</marcxml:subfield>
    <marcxml:subfield code="2">sears</marcxml:subfield>
  </marcxml:datafield>
  <marcxml:datafield tag="650" ind1=" " ind2="7">
    <marcxml:subfield code="a">Secrecy</marcxml:subfield>
    <marcxml:subfield code="v">Fiction.</marcxml:subfield>
    <marcxml:subfield code="2">sears</marcxml:subfield>
  </marcxml:datafield>
  <marcxml:datafield tag="655" ind1=" " ind2="7">
    <marcxml:subfield code="a">Graphic novels.</marcxml:subfield>
    <marcxml:subfield code="2">sears</marcxml:subfield>
  </marcxml:datafield>
</marcxml:record>
